<record><leader>00000cas a22000007a 4500</leader><controlfield tag="001">16236733</controlfield><controlfield tag="008">870720d18711872pauwr ne      0    0eng d</controlfield><datafield ind1=" " ind2=" " tag="010"><subfield code="a">sn 87080428 </subfield></datafield><datafield ind1=" " ind2=" " tag="040"><subfield code="a">NPH</subfield><subfield code="b">eng</subfield><subfield code="c">NPH</subfield><subfield code="d">OCLCQ</subfield></datafield><datafield ind1=" " ind2=" " tag="042"><subfield code="a">msc</subfield></datafield><datafield ind1="0" ind2=" " tag="130"><subfield code="a">Plaindealer (Punxsutawney, Pa.)</subfield></datafield><datafield ind1="1" ind2="4" tag="245"><subfield code="a">The plaindealer.</subfield></datafield><datafield ind1="3" ind2="0" tag="246"><subfield code="a">Plain dealer</subfield></datafield><datafield ind1=" " ind2=" " tag="260"><subfield code="a">Punxsutawney, Jefferson County, Pa. :</subfield><subfield code="b">Hastings &amp; Keck,</subfield><subfield code="c">1871-</subfield></datafield><datafield ind1=" " ind2=" " tag="300"><subfield code="a">v. ;</subfield><subfield code="c">53 cm.</subfield></datafield><datafield ind1=" " ind2=" " tag="310"><subfield code="a">Weekly</subfield></datafield><datafield ind1="0" ind2=" " tag="362"><subfield code="a">Vol. 3, no. 39 (June 22, 1871)-</subfield></datafield><datafield ind1="1" ind2=" " tag="362"><subfield code="a">Ceased in 1872?</subfield></datafield><datafield ind1=" " ind2=" " tag="752"><subfield code="a">United States</subfield><subfield code="b">Pennsylvania</subfield><subfield code="c">Jefferson</subfield><subfield code="d">Punxsutawney.</subfield></datafield><datafield ind1="0" ind2="0" tag="780"><subfield code="t">Punxsutawaney plaindealer</subfield><subfield code="w">(DLC)sn 87080427</subfield></datafield><datafield ind1="0" ind2="0" tag="785"><subfield code="t">Mahoning Argus</subfield></datafield></record>